@inproceedings{alahiSocialLSTMHuman2016,
  title      = {Social {{LSTM}}: {{Human Trajectory Prediction}} in {{Crowded Spaces}}},
  shorttitle = {Social {{LSTM}}},
  booktitle  = {2016 {{IEEE Conference}} on {{Computer Vision}} and {{Pattern Recognition}} ({{CVPR}})},
  author     = {Alahi, Alexandre and Goel, Kratarth and Ramanathan, Vignesh and Robicquet, Alexandre and {Fei-Fei}, Li and Savarese, Silvio},
  year       = {2016},
  month      = jun,
  pages      = {961--971},
  publisher  = {IEEE},
  address    = {Las Vegas, NV, USA},
  doi        = {10.1109/CVPR.2016.110},
  urldate    = {2024-07-04},
  isbn       = {978-1-4673-8851-1},
  langid     = {english},
  annotation = {2475 citations (Semantic Scholar/DOI) [2024-07-04]}
}

@article{alonso-moraOndemandHighcapacityRidesharing2017,
  title      = {On-Demand High-Capacity Ride-Sharing via Dynamic Trip-Vehicle Assignment},
  author     = {{Alonso-Mora}, Javier and Samaranayake, Samitha and Wallar, Alex and Frazzoli, Emilio and Rus, Daniela},
  year       = {2017},
  month      = jan,
  journal    = {Proc Natl Acad Sci U S A},
  volume     = {114},
  number     = {3},
  pages      = {462--467},
  issn       = {1091-6490},
  doi        = {10.1073/pnas.1611675114},
  langid     = {english},
  pmcid      = {PMC5255617},
  pmid       = {28049820},
  annotation = {985 citations (Semantic Scholar/DOI) [2024-07-08]}
}

@inproceedings{alsaeedTrajectoryUserLinkingUsing2023a,
  title      = {Trajectory-{{User Linking}} Using {{Higher-order Mobility Flow Representations}}},
  booktitle  = {2023 24th {{IEEE International Conference}} on {{Mobile Data Management}} ({{MDM}})},
  author     = {Alsaeed, Mahmoud and Agrawal, Ameeta and Papagelis, Manos},
  year       = {2023},
  month      = jul,
  pages      = {158--167},
  publisher  = {IEEE},
  address    = {Singapore, Singapore},
  doi        = {10.1109/MDM58254.2023.00033},
  urldate    = {2024-07-04},
  copyright  = {https://doi.org/10.15223/policy-029},
  isbn       = {9798350341010},
  langid     = {english},
  annotation = {3 citations (Semantic Scholar/DOI) [2024-07-04]}
}
@inproceedings{baoLocationbasedPreferenceawareRecommendation2012,
  title      = {Location-Based and Preference-Aware Recommendation Using Sparse Geo-Social Networking Data},
  booktitle  = {Proceedings of the 20th {{International Conference}} on {{Advances}} in {{Geographic Information Systems}}},
  author     = {Bao, Jie and Zheng, Yu and Mokbel, Mohamed F.},
  year       = {2012},
  month      = nov,
  pages      = {199--208},
  publisher  = {ACM},
  address    = {Redondo Beach California},
  doi        = {10.1145/2424321.2424348},
  urldate    = {2024-07-03},
  isbn       = {978-1-4503-1691-0},
  langid     = {english},
  annotation = {694 citations (Semantic Scholar/DOI) [2024-07-03]}
}

@article{bifetMOAMassiveOnline2010,
  title      = {{{MOA}}: Massive Online Analysis},
  shorttitle = {{{MOA}}},
  author     = {Bifet, Albert and Holmes, Geoffrey and Kirkby, Richard and Pfahringer, Bernhard},
  year       = {2010},
  month      = may,
  journal    = {Journal of Machine Learning Research},
  volume     = {11}
}

@article{borkowskiLockdownedEverydayMobility2021,
  title      = {Lockdowned: {{Everyday}} Mobility Changes in Response to {{COVID-19}}},
  shorttitle = {Lockdowned},
  author     = {Borkowski, Przemys{\l}aw and {Ja{\.z}d{\.z}ewska-Gutta}, Magdalena and {Szmelter-Jarosz}, Agnieszka},
  year       = {2021},
  month      = jan,
  journal    = {Journal of Transport Geography},
  volume     = {90},
  pages      = {102906},
  issn       = {0966-6923},
  doi        = {10.1016/j.jtrangeo.2020.102906},
  urldate    = {2025-01-24},
  pmcid      = {PMC9188832},
  pmid       = {35721765},
  annotation = {229 citations (Semantic Scholar/DOI) [2025-01-24]}
}

@inproceedings{chenMutualDistillationLearning2022a,
  title      = {Mutual {{Distillation Learning Network}} for {{Trajectory-User Linking}}},
  booktitle  = {Proceedings of the {{Thirty-First International Joint Conference}} on {{Artificial Intelligence}}},
  author     = {Chen, Wei and Li, ShuZhe and Huang, Chao and Yu, Yanwei and Jiang, Yongguo and Dong, Junyu},
  year       = {2022},
  month      = jul,
  pages      = {1973--1979},
  publisher  = {International Joint Conferences on Artificial Intelligence Organization},
  address    = {Vienna, Austria},
  doi        = {10.24963/ijcai.2022/274},
  urldate    = {2024-09-17},
  langid     = {english},
  annotation = {12 citations (Crossref/DOI) [2024-10-10]}
}

@article{chenTrajectoryUserLinkingHierarchical2024,
  title      = {Trajectory-{{User Linking}} via {{Hierarchical Spatio-Temporal Attention Networks}}},
  author     = {Chen, Wei and Huang, Chao and Yu, Yanwei and Jiang, Yongguo and Dong, Junyu},
  year       = {2024},
  month      = feb,
  journal    = {ACM Trans. Knowl. Discov. Data},
  volume     = {18},
  number     = {4},
  pages      = {85:1--85:22},
  issn       = {1556-4681},
  doi        = {10.1145/3635718},
  urldate    = {2024-09-06},
  annotation = {3 citations (Crossref/DOI) [2024-11-05]\\
                3 citations (Crossref/DOI) [2024-10-10]}
}

@inproceedings{choPropertiesNeuralMachine2014a,
  title      = {On the {{Properties}} of {{Neural Machine Translation}}: {{Encoder}}--{{Decoder Approaches}}},
  shorttitle = {On the {{Properties}} of {{Neural Machine Translation}}},
  booktitle  = {Proceedings of {{SSST-8}}, {{Eighth Workshop}} on {{Syntax}}, {{Semantics}} and {{Structure}} in {{Statistical Translation}}},
  author     = {Cho, Kyunghyun and Van Merrienboer, Bart and Bahdanau, Dzmitry and Bengio, Yoshua},
  year       = {2014},
  pages      = {103--111},
  publisher  = {Association for Computational Linguistics},
  address    = {Doha, Qatar},
  doi        = {10.3115/v1/W14-4012},
  urldate    = {2025-01-28},
  langid     = {english},
  annotation = {6526 citations (Semantic Scholar/DOI) [2025-01-28]}
}
@incollection{endoPredictingDestinationsPartial2017b,
  title     = {Predicting {{Destinations}} from {{Partial Trajectories Using Recurrent Neural Network}}},
  booktitle = {Advances in {{Knowledge Discovery}} and {{Data Mining}}},
  author    = {Endo, Yuki and Nishida, Kyosuke and Toda, Hiroyuki and Sawada, Hiroshi},
  editor    = {Kim, Jinho and Shim, Kyuseok and Cao, Longbing and Lee, Jae-Gil and Lin, Xuemin and Moon, Yang-Sae},
  year      = {2017},
  volume    = {10234},
  pages     = {160--172},
  publisher = {Springer International Publishing},
  address   = {Cham},
  doi       = {10.1007/978-3-319-57454-7_13},
  urldate   = {2024-07-09},
  isbn      = {978-3-319-57453-0 978-3-319-57454-7},
  langid    = {english}
}

@inproceedings{fengDeepMovePredictingHuman2018,
  title      = {{{DeepMove}}: {{Predicting Human Mobility}} with {{Attentional Recurrent Networks}}},
  shorttitle = {{{DeepMove}}},
  booktitle  = {Proceedings of the 2018 {{World Wide Web Conference}}},
  author     = {Feng, Jie and Li, Yong and Zhang, Chao and Sun, Funing and Meng, Fanchao and Guo, Ang and Jin, Depeng},
  year       = {2018},
  month      = apr,
  series     = {{{WWW}} '18},
  pages      = {1459--1468},
  publisher  = {International World Wide Web Conferences Steering Committee},
  address    = {Republic and Canton of Geneva, CHE},
  doi        = {10.1145/3178876.3186058},
  urldate    = {2025-01-24},
  isbn       = {978-1-4503-5639-8},
  annotation = {568 citations (Semantic Scholar/DOI) [2025-01-24]}
}

@inproceedings{gaoIdentifyingHumanMobility2017,
  title      = {Identifying {{Human Mobility}} via {{Trajectory Embeddings}}},
  booktitle  = {Proceedings of the {{Twenty-Sixth International Joint Conference}} on {{Artificial Intelligence}}},
  author     = {Gao, Qiang and Zhou, Fan and Zhang, Kunpeng and Trajcevski, Goce and Luo, Xucheng and Zhang, Fengli},
  year       = {2017},
  month      = aug,
  pages      = {1689--1695},
  publisher  = {International Joint Conferences on Artificial Intelligence Organization},
  address    = {Melbourne, Australia},
  doi        = {10.24963/ijcai.2017/234},
  urldate    = {2024-08-20},
  isbn       = {978-0-9992411-0-3},
  langid     = {english},
  annotation = {123 citations (Crossref/DOI) [2024-08-20]}
}

@article{gengSpatiotemporalMultiGraphConvolution2019,
  title     = {Spatiotemporal {{Multi-Graph Convolution Network}} for {{Ride-Hailing Demand Forecasting}}},
  author    = {Geng, Xu and Li, Yaguang and Wang, Leye and Zhang, Lingyu and Yang, Qiang and Ye, Jieping and Liu, Yan},
  year      = {2019},
  month     = jul,
  journal   = {Proceedings of the AAAI Conference on Artificial Intelligence},
  volume    = {33},
  number    = {01},
  pages     = {3656--3663},
  issn      = {2374-3468},
  doi       = {10.1609/aaai.v33i01.33013656},
  urldate   = {2024-07-04},
  copyright = {Copyright (c) 2019 Association for the Advancement of Artificial Intelligence},
  langid    = {english}
}
@article{gomesSurveyEnsembleLearning2017,
  title   = {A {{Survey}} on {{Ensemble Learning}} for {{Data Stream Classification}}},
  author  = {Gomes, Heitor Murilo and Barddal, Jean Paul and Enembreck, Fabr{\'i}cio and Bifet, Albert},
  year    = {2017},
  month   = mar,
  journal = {ACM Comput. Surv.},
  volume  = {50},
  number  = {2},
  pages   = {23:1--23:36},
  issn    = {0360-0300},
  doi     = {10.1145/3054925},
  urldate = {2025-01-24}
}

@book{goodfellow2016deep,
  title     = {Deep learning},
  author    = {Goodfellow, Ian and Bengio, Yoshua and Courville, Aaron and Bengio, Yoshua},
  volume    = {1},
  year      = {2016},
  publisher = {MIT Press}
}
@inproceedings{gueriauSAMoDSharedAutonomous2018,
  title      = {{{SAMoD}}: {{Shared Autonomous Mobility-on-Demand}} Using {{Decentralized Reinforcement Learning}}},
  shorttitle = {{{SAMoD}}},
  booktitle  = {2018 21st {{International Conference}} on {{Intelligent Transportation Systems}} ({{ITSC}})},
  author     = {Gu{\'e}riau, Maxime and Dusparic, Ivana},
  year       = {2018},
  month      = nov,
  pages      = {1558--1563},
  issn       = {2153-0017},
  doi        = {10.1109/ITSC.2018.8569608},
  urldate    = {2024-07-08},
  annotation = {54 citations (Semantic Scholar/DOI) [2024-07-08]}
}
@inproceedings{haoUnderstandingUrbanPandemic2020,
  title      = {Understanding the {{Urban Pandemic Spreading}} of {{COVID-19}} with {{Real World Mobility Data}}},
  booktitle  = {Proceedings of the 26th {{ACM SIGKDD International Conference}} on {{Knowledge Discovery}} \& {{Data Mining}}},
  author     = {Hao, Qianyue and Chen, Lin and Xu, Fengli and Li, Yong},
  year       = {2020},
  month      = aug,
  series     = {{{KDD}} '20},
  pages      = {3485--3492},
  publisher  = {Association for Computing Machinery},
  address    = {New York, NY, USA},
  doi        = {10.1145/3394486.3412860},
  urldate    = {2025-01-24},
  isbn       = {978-1-4503-7998-4},
  annotation = {39 citations (Semantic Scholar/DOI) [2025-01-24]}
}@article{hochreiterLongShort1997,
  title   = {Long Short-Term Memory},
  author  = {Sepp Hochreiter and J{\"u}rgen Schmidhuber},
  journal = {Neural Computation},
  year    = {1997},
  volume  = {9},
  pages   = {1735-1780},
  url     = {https://api.semanticscholar.org/CorpusID:1915014}
}

@inproceedings{jiangTrajectoryNetEmbeddedGPS2017,
  title      = {{{TrajectoryNet}}: An Embedded {{GPS}} Trajectory Representation for Point-Based Classification Using Recurrent Neural Networks},
  shorttitle = {{{TrajectoryNet}}},
  booktitle  = {Conference of the {{Centre}} for {{Advanced Studies}} on {{Collaborative Research}}},
  author     = {Jiang, Xiang and Souza, E. N. and Pesaranghader, Ahmad and Hu, Baifan and Silver, D. and Matwin, S.},
  year       = {2017},
  month      = may,
  url        = {https://www.semanticscholar.org/paper/TrajectoryNet%3A-an-embedded-GPS-trajectory-for-using-Jiang-Souza/059e3227180c243b4db5deaf3ad53d0275f6c790},
  urldate    = {2024-07-04}
}

@article{jindalOptimizingTaxiCarpool2018,
  title      = {Optimizing {{Taxi Carpool Policies}} via {{Reinforcement Learning}} and {{Spatio-Temporal Mining}}},
  author     = {Jindal, Ishan and Qin, Zhiwei Tony and Chen, Xuewen and Nokleby, Matthew and Ye, Jieping},
  year       = {2018},
  month      = dec,
  journal    = {2018 IEEE International Conference on Big Data (Big Data)},
  pages      = {1417--1426},
  publisher  = {IEEE},
  address    = {Seattle, WA, USA},
  doi        = {10.1109/BigData.2018.8622481},
  urldate    = {2024-07-08},
  isbn       = {9781538650356},
  annotation = {39 citations (Semantic Scholar/DOI) [2024-07-08]}
}

@misc{kingmaAutoEncodingVariationalBayes2013a,
  title         = {Auto-{{Encoding Variational Bayes}}},
  author        = {Kingma, Diederik P. and Welling, Max},
  year          = {2013},
  month         = dec,
  number        = {arXiv:1312.6114},
  eprint        = {1312.6114},
  primaryclass  = {stat},
  publisher     = {arXiv},
  doi           = {10.48550/arXiv.1312.6114},
  urldate       = {2025-01-28},
  archiveprefix = {arXiv}
}

@misc{liEfficientRidesharingOrder2019,
  title         = {Efficient {{Ridesharing Order Dispatching}} with {{Mean Field Multi-Agent Reinforcement Learning}}},
  author        = {Li, Minne and Zhiwei and Qin and Jiao, Yan and Yang, Yaodong and Gong, Zhichen and Wang, Jun and Wang, Chenxi and Wu, Guobin and Ye, Jieping},
  year          = {2019},
  month         = jan,
  number        = {arXiv:1901.11454},
  eprint        = {1901.11454},
  primaryclass  = {cs},
  publisher     = {arXiv},
  doi           = {10.48550/arXiv.1901.11454},
  urldate       = {2024-07-08},
  archiveprefix = {arXiv},
  annotation    = {159 citations (Semantic Scholar/arXiv) [2024-07-08]}
}

@article{lvPrivateCellIDTrajectory2022,
  title      = {Private {{Cell-ID Trajectory Prediction Using Multi-Graph Embedding}} and {{Encoder-Decoder Network}}},
  author     = {Lv, Mingqi and Zeng, Dajian and Chen, Ling and Chen, Tieming and Zhu, Tiantian and Ji, Shouling},
  year       = {2022},
  month      = aug,
  journal    = {IEEE Trans. on Mobile Comput.},
  volume     = {21},
  number     = {8},
  pages      = {2967--2977},
  issn       = {1536-1233, 1558-0660, 2161-9875},
  doi        = {10.1109/TMC.2020.3047735},
  urldate    = {2024-07-04},
  copyright  = {https://ieeexplore.ieee.org/Xplorehelp/downloads/license-information/IEEE.html},
  annotation = {5 citations (Semantic Scholar/DOI) [2024-07-04]}
}

@article{lvTCONVConvolutionalNeural2018,
  title      = {T-{{CONV}}: {{A Convolutional Neural Network}} for {{Multi-scale Taxi Trajectory Prediction}}},
  shorttitle = {T-{{CONV}}},
  author     = {Lv, Jianming and Li, Qing and Sun, Qinghui and Wang, Xintong},
  year       = {2018},
  month      = jan,
  journal    = {2018 IEEE International Conference on Big Data and Smart Computing (BigComp)},
  pages      = {82--89},
  publisher  = {IEEE},
  address    = {Shanghai},
  doi        = {10.1109/BigComp.2018.00021},
  urldate    = {2024-07-04},
  isbn       = {9781538636497},
  annotation = {78 citations (Semantic Scholar/DOI) [2024-07-04]}
}

@inproceedings{mathewPredictingFutureLocations2012,
  title      = {Predicting Future Locations with Hidden {{Markov}} Models},
  booktitle  = {Proceedings of the 2012 {{ACM Conference}} on {{Ubiquitous Computing}}},
  author     = {Mathew, Wesley and Raposo, Ruben and Martins, Bruno},
  year       = {2012},
  month      = sep,
  pages      = {911--918},
  publisher  = {ACM},
  address    = {Pittsburgh Pennsylvania},
  doi        = {10.1145/2370216.2370421},
  urldate    = {2024-07-03},
  isbn       = {978-1-4503-1224-0},
  langid     = {english},
  annotation = {352 citations (Semantic Scholar/DOI) [2024-07-03]}
}

@inproceedings{miaoTrajectoryuserLinkingAttentive2020a,
  title     = {Trajectory-User Linking with Attentive Recurrent Network},
  booktitle = {Proceedings of the 19th International Conference on Autonomous Agents and {{MultiAgent}} Systems},
  author    = {Miao, Congcong and Wang, Jilong and Yu, Heng and Zhang, Weichen and Qi, Yinyao},
  year      = {2020},
  series    = {Aamas '20},
  pages     = {878--886},
  publisher = {{International Foundation for Autonomous Agents and Multiagent Systems}},
  address   = {Richland, SC},
  isbn      = {978-1-4503-7518-4},
  keywords  = {deep learning,human mobility mining,social tagging}
}

@misc{mikolovEfficientEstimationWord2013,
  title         = {Efficient {{Estimation}} of {{Word Representations}} in {{Vector Space}}},
  author        = {Mikolov, Tomas and Chen, Kai and Corrado, Greg and Dean, Jeffrey},
  year          = {2013},
  month         = sep,
  number        = {arXiv:1301.3781},
  eprint        = {1301.3781},
  primaryclass  = {cs},
  publisher     = {arXiv},
  doi           = {10.48550/arXiv.1301.3781},
  urldate       = {2025-01-22},
  archiveprefix = {arXiv}
}
@article{rehmanMiningPersonalData2015,
  title      = {Mining {{Personal Data Using Smartphones}} and {{Wearable Devices}}: {{A Survey}}},
  shorttitle = {Mining {{Personal Data Using Smartphones}} and {{Wearable Devices}}},
  author     = {Rehman, Muhammad Habib and Liew, Chee Sun and Wah, Teh Ying and Shuja, Junaid and Daghighi, Babak},
  year       = {2015},
  month      = feb,
  journal    = {Sensors},
  volume     = {15},
  number     = {2},
  pages      = {4430--4469},
  publisher  = {Multidisciplinary Digital Publishing Institute},
  issn       = {1424-8220},
  doi        = {10.3390/s150204430},
  urldate    = {2025-01-24},
  copyright  = {http://creativecommons.org/licenses/by/3.0/},
  langid     = {english},
  annotation = {91 citations (Semantic Scholar/DOI) [2025-01-24]}
}
@article{shangPersonalizedTrajectoryMatching2014,
  title      = {Personalized Trajectory Matching in Spatial Networks},
  author     = {Shang, Shuo and Ding, Ruogu and Zheng, Kai and Jensen, Christian S. and Kalnis, Panos and Zhou, Xiaofang},
  year       = {2014},
  month      = jun,
  journal    = {The VLDB Journal},
  volume     = {23},
  number     = {3},
  pages      = {449--468},
  issn       = {1066-8888, 0949-877X},
  doi        = {10.1007/s00778-013-0331-0},
  urldate    = {2024-07-03},
  copyright  = {http://www.springer.com/tdm},
  langid     = {english},
  annotation = {165 citations (Semantic Scholar/DOI) [2024-07-03]}
}

@inproceedings{tangDiscoveryTravelingCompanions2012,
  title      = {On {{Discovery}} of {{Traveling Companions}} from {{Streaming Trajectories}}},
  booktitle  = {2012 {{IEEE}} 28th {{International Conference}} on {{Data Engineering}}},
  author     = {Tang, Lu-An and Zheng, Yu and Yuan, Jing and Han, Jiawei and Leung, Alice and Hung, Chih-Chieh and Peng, Wen-Chih},
  year       = {2012},
  month      = apr,
  pages      = {186--197},
  publisher  = {IEEE},
  address    = {Arlington, VA, USA},
  doi        = {10.1109/ICDE.2012.33},
  urldate    = {2024-07-03},
  isbn       = {978-0-7695-4747-3 978-1-4673-0042-1},
  langid     = {english},
  annotation = {167 citations (Semantic Scholar/DOI) [2024-07-03]}
}

@article{veresDeepLearningIntelligent2020,
  title      = {Deep {{Learning}} for {{Intelligent Transportation Systems}}: {{A Survey}} of {{Emerging Trends}}},
  shorttitle = {Deep {{Learning}} for {{Intelligent Transportation Systems}}},
  author     = {Veres, Matthew and Moussa, Medhat},
  year       = {2020},
  month      = aug,
  journal    = {IEEE Trans. Intell. Transport. Syst.},
  volume     = {21},
  number     = {8},
  pages      = {3152--3168},
  issn       = {1524-9050, 1558-0016},
  doi        = {10.1109/TITS.2019.2929020},
  urldate    = {2024-07-03},
  copyright  = {https://ieeexplore.ieee.org/Xplorehelp/downloads/license-information/Crown.html},
  langid     = {english},
  annotation = {206 citations (Semantic Scholar/DOI) [2024-07-03]}
}

@article{veresDeepLearningIntelligent2020,
  title      = {Deep {{Learning}} for {{Intelligent Transportation Systems}}: {{A Survey}} of {{Emerging Trends}}},
  shorttitle = {Deep {{Learning}} for {{Intelligent Transportation Systems}}},
  author     = {Veres, Matthew and Moussa, Medhat},
  year       = {2020},
  month      = aug,
  journal    = {IEEE Transactions on Intelligent Transportation Systems},
  volume     = {21},
  number     = {8},
  pages      = {3152--3168},
  issn       = {1524-9050, 1558-0016},
  doi        = {10.1109/TITS.2019.2929020},
  urldate    = {2024-07-03},
  copyright  = {https://ieeexplore.ieee.org/Xplorehelp/downloads/license-information/Crown.html},
  langid     = {english},
  annotation = {206 citations (Semantic Scholar/DOI) [2024-07-03]}
}

@article{weiLookAheadInsertionPolicy2018,
  title      = {Look-{{Ahead Insertion Policy}} for a {{Shared-Taxi System Based}} on {{Reinforcement Learning}}},
  author     = {Wei, Chong and Wang, Yinhu and Yan, Xuedong and Shao, Chunfu},
  year       = {2018},
  journal    = {IEEE Access},
  volume     = {6},
  pages      = {5716--5726},
  issn       = {2169-3536},
  doi        = {10.1109/ACCESS.2017.2769666},
  urldate    = {2024-07-08},
  annotation = {24 citations (Semantic Scholar/DOI) [2024-07-08]}
}

@inproceedings{wenRebalancingSharedMobilityondemand2017a,
  title      = {Rebalancing Shared Mobility-on-Demand Systems: {{A}} Reinforcement Learning Approach},
  shorttitle = {Rebalancing Shared Mobility-on-Demand Systems},
  booktitle  = {2017 {{IEEE}} 20th {{International Conference}} on {{Intelligent Transportation Systems}} ({{ITSC}})},
  author     = {Wen, Jian and Zhao, Jinhua and Jaillet, Patrick},
  year       = {2017},
  month      = oct,
  pages      = {220--225},
  publisher  = {IEEE},
  address    = {Yokohama},
  doi        = {10.1109/ITSC.2017.8317908},
  urldate    = {2024-07-08},
  isbn       = {978-1-5386-1526-3},
  langid     = {english},
  annotation = {119 citations (Semantic Scholar/DOI) [2024-07-08]}
}

@inproceedings{yangT3SEffectiveRepresentation2021,
  title      = {{{T3S}}: {{Effective Representation Learning}} for {{Trajectory Similarity Computation}}},
  shorttitle = {{{T3S}}},
  booktitle  = {2021 {{IEEE}} 37th {{International Conference}} on {{Data Engineering}} ({{ICDE}})},
  author     = {Yang, Peilun and Wang, Hanchen and Zhang, Ying and Qin, Lu and Zhang, Wenjie and Lin, Xuemin},
  year       = {2021},
  month      = apr,
  pages      = {2183--2188},
  issn       = {2375-026X},
  doi        = {10.1109/ICDE51399.2021.00221},
  urldate    = {2024-11-08},
  annotation = {51 citations (Semantic Scholar/DOI) [2024-11-08]}
}

@inproceedings{yaoTrajectoryClusteringDeep2017a,
  title      = {Trajectory Clustering via Deep Representation Learning},
  booktitle  = {2017 {{International Joint Conference}} on {{Neural Networks}} ({{IJCNN}})},
  author     = {Yao, Di and Zhang, Chao and Zhu, Zhihua and Huang, Jianhui and Bi, Jingping},
  year       = {2017},
  month      = may,
  pages      = {3880--3887},
  publisher  = {IEEE},
  address    = {Anchorage, AK, USA},
  doi        = {10.1109/IJCNN.2017.7966345},
  urldate    = {2024-07-09},
  isbn       = {978-1-5090-6182-2},
  langid     = {english},
  annotation = {135 citations (Semantic Scholar/DOI) [2024-07-09]}
}

@inproceedings{yingSemanticTrajectoryMining2011,
  title      = {Semantic Trajectory Mining for Location Prediction},
  booktitle  = {Proceedings of the 19th {{ACM SIGSPATIAL International Conference}} on {{Advances}} in {{Geographic Information Systems}}},
  author     = {Ying, Josh Jia-Ching and Lee, Wang-Chien and Weng, Tz-Chiao and Tseng, Vincent S.},
  year       = {2011},
  month      = nov,
  series     = {{{GIS}} '11},
  pages      = {34--43},
  publisher  = {Association for Computing Machinery},
  address    = {New York, NY, USA},
  doi        = {10.1145/2093973.2093980},
  urldate    = {2025-01-22},
  isbn       = {978-1-4503-1031-4},
  annotation = {319 citations (Semantic Scholar/DOI) [2025-01-22]}
}
@article{zhangCoReExploitingPersonalized2015,
  title      = {{{CoRe}}: {{Exploiting}} the Personalized Influence of Two-Dimensional Geographic Coordinates for Location Recommendations},
  shorttitle = {{{CoRe}}},
  author     = {Zhang, Jia-Dong and Chow, Chi-Yin},
  year       = {2015},
  month      = feb,
  journal    = {Information Sciences},
  volume     = {293},
  pages      = {163--181},
  issn       = {00200255},
  doi        = {10.1016/j.ins.2014.09.014},
  urldate    = {2024-07-05},
  langid     = {english},
  annotation = {99 citations (Semantic Scholar/DOI) [2024-07-05]}
}
@article{zhengMobileIntelligenceLearning2012,
  title      = {Towards Mobile Intelligence: {{Learning}} from {{GPS}} History Data for Collaborative Recommendation},
  shorttitle = {Towards Mobile Intelligence},
  author     = {Zheng, Vincent W. and Zheng, Yu and Xie, Xing and Yang, Qiang},
  year       = {2012},
  month      = jun,
  journal    = {Artificial Intelligence},
  volume     = {184--185},
  pages      = {17--37},
  issn       = {0004-3702},
  doi        = {10.1016/j.artint.2012.02.002},
  urldate    = {2024-07-03},
  annotation = {190 citations (Semantic Scholar/DOI) [2024-07-03]}
}
@article{zhengRecommendingFriendsLocations2011,
  title      = {Recommending Friends and Locations Based on Individual Location History},
  author     = {Zheng, Yu and Zhang, Lizhu and Ma, Zhengxin and Xie, Xing and Ma, Wei-Ying},
  year       = {2011},
  month      = feb,
  journal    = {ACM Trans. Web},
  volume     = {5},
  number     = {1},
  pages      = {1--44},
  issn       = {1559-1131, 1559-114X},
  doi        = {10.1145/1921591.1921596},
  urldate    = {2024-07-03},
  langid     = {english},
  annotation = {512 citations (Semantic Scholar/DOI) [2024-07-03]}
}


@article{zhengTrajectoryDataMining2015,
  title      = {Trajectory {{Data Mining}}: {{An Overview}}},
  shorttitle = {Trajectory {{Data Mining}}},
  author     = {Zheng, Yu},
  year       = {2015},
  month      = may,
  journal    = {ACM Trans. Intell. Syst. Technol.},
  volume     = {6},
  number     = {3},
  pages      = {1--41},
  issn       = {2157-6904, 2157-6912},
  doi        = {10.1145/2743025},
  urldate    = {2024-07-03},
  langid     = {english},
  annotation = {930 citations (Semantic Scholar/DOI) [2024-07-03]}
}
@inproceedings{zhouTrajectoryUserLinkingGraph2021a,
  title      = {Trajectory-{{User Linking}} via {{Graph Neural Network}}},
  booktitle  = {{{ICC}} 2021 - {{IEEE International Conference}} on {{Communications}}},
  author     = {Zhou, Fan and Chen, Shupei and Wu, Jin and Cao, Chengtai and Zhang, Shengming},
  year       = {2021},
  month      = jun,
  pages      = {1--6},
  issn       = {1938-1883},
  doi        = {10.1109/ICC42927.2021.9500836},
  urldate    = {2024-08-20},
  annotation = {6 citations (Crossref/DOI) [2024-08-20]}
}

@inproceedings{zhouTrajectoryUserLinkingVariational2018,
  title      = {Trajectory-{{User Linking}} via {{Variational AutoEncoder}}},
  booktitle  = {Proceedings of the {{Twenty-Seventh International Joint Conference}} on {{Artificial Intelligence}}},
  author     = {Zhou, Fan and Gao, Qiang and Trajcevski, Goce and Zhang, Kunpeng and Zhong, Ting and Zhang, Fengli},
  year       = {2018},
  month      = jul,
  pages      = {3212--3218},
  publisher  = {International Joint Conferences on Artificial Intelligence Organization},
  address    = {Stockholm, Sweden},
  doi        = {10.24963/ijcai.2018/446},
  urldate    = {2024-08-20},
  isbn       = {978-0-9992411-2-7},
  langid     = {english},
  annotation = {76 citations (Crossref/DOI) [2024-08-20]}
}
@inproceedings{yuTULSNSiameseNetwork2020a,
  title = {{{TULSN}}: {{Siamese Network}} for {{Trajectory-user Linking}}},
  shorttitle = {{{TULSN}}},
  booktitle = {2020 {{International Joint Conference}} on {{Neural Networks}} ({{IJCNN}})},
  author = {Yu, Yong and Tang, Haina and Wang, Fei and Wu, Lin and Qian, Tangwen and Sun, Tao and Xu, Yongjun},
  year = {2020},
  month = jul,
  pages = {1--8},
  publisher = {IEEE},
  address = {Glasgow, United Kingdom},
  doi = {10.1109/IJCNN48605.2020.9206609},
  urldate = {2024-08-20},
  copyright = {https://ieeexplore.ieee.org/Xplorehelp/downloads/license-information/IEEE.html},
  isbn = {978-1-7281-6926-2},
  langid = {english},
  annotation = {14 citations (Crossref/DOI) [2024-08-20]}
}
